@misc{tmt2019,
	author		= {VDT},
	title		= {This is the TMT homepage},
	year		= {2019},
	url			= {https://www.tonmeister.de/index.php?p}
}
@article{ambix,
	author		= {Christian Nachbar and Franz Zotter and Etienne Deleflie},
	title		= {AmbiX - A Suggested Ambisonics Format},
	year		= {2011}
}

@article{daniel,
	author		= {J\'{e}r\^{o}me Daniel},
	title		= { Repr\'{e}sentation de champs acoustiques, application \`{a} la transmission et \`{a} la reproduction de sc\`{e}nes sonores complexes dans un contexte multim\'{e}dia},
	year		= {2001}
}

@article{norm,
	author		= {Thibaut Carpentier},
	title		= {Normalization schemes in Ambisonic: does it matter?},
	year		= {2017}
}